<ting:container xmlns:ac="http://biblstandard.dk/ac/namespace/" xmlns:dc="http://purl.org/dc/elements/1.1/" xmlns:dcterms="http://purl.org/dc/terms/" xmlns:dkabm="http://biblstandard.dk/abm/namespace/dkabm/" xmlns:dkdcplus="http://biblstandard.dk/abm/namespace/dkdcplus/" xmlns:docbook="http://docbook.org/ns/docbook" xmlns:oss="http://oss.dbc.dk/ns/osstypes" xmlns:ting="http://www.dbc.dk/ting" xmlns:xsi="http://www.w3.org/2001/XMLSchema-instance"><dkabm:record><ac:identifier>000025251|830520</ac:identifier><ac:source>Bibliotekskatalog</ac:source><dc:title>Fjeldsange</dc:title><dc:title xsi:type="dkdcplus:full">Fjeldsange : opus 52-54</dc:title><dc:creator>Yrjö Kilpinen</dc:creator><dc:creator xsi:type="oss:sort">Kilpinen, Yrjö</dc:creator><dc:description>For sang og klaver</dc:description><dcterms:audience>voksenmaterialer</dcterms:audience><dc:publisher>Fazer</dc:publisher><dc:contributor>V. E. Törmänen</dc:contributor><dc:date>1964</dc:date><dc:type xsi:type="dkdcplus:BibDK-Type">Node</dc:type><dc:identifier>2152/63</dc:identifier><dc:language xsi:type="dcterms:ISO639-2">mul</dc:language><dc:language>Flere sprog</dc:language><dc:language xsi:type="dcterms:ISO639-2">fin</dc:language><dc:language>Finsk</dc:language><dc:language xsi:type="dcterms:ISO639-2">swe</dc:language><dc:language>Svensk</dc:language><dc:language xsi:type="dcterms:ISO639-2">ger</dc:language><dc:language>Tysk</dc:language><dc:language xsi:type="dcterms:ISO639-2">eng</dc:language><dc:language>Engelsk</dc:language><dcterms:hasPart>Fjeldsange, opus 52</dcterms:hasPart><dcterms:hasPart>Fjeldsange, opus 53</dcterms:hasPart><dcterms:hasPart>Fjeldsange, opus 54</dcterms:hasPart></dkabm:record><marcx:collection xmlns:marcx="info:lc/xmlns/marcxchange-v1"><marcx:record format="danMARC2" type="Bibliographic"><marcx:leader>00000n    2200000   4500</marcx:leader><marcx:datafield ind1="0" ind2="0" tag="001"><marcx:subfield code="a">000025251</marcx:subfield><marcx:subfield code="b">830520</marcx:subfield><marcx:subfield code="f">a</marcx:subfield></marcx:datafield><marcx:datafield ind1="0" ind2="0" tag="002"><marcx:subfield code="d">x300162676</marcx:subfield></marcx:datafield><marcx:datafield ind1="0" ind2="0" tag="004"><marcx:subfield code="r">n</marcx:subfield><marcx:subfield code="a">e</marcx:subfield></marcx:datafield><marcx:datafield ind1="0" ind2="0" tag="008"><marcx:subfield code="t">m</marcx:subfield><marcx:subfield code="a">1927</marcx:subfield><marcx:subfield code="z">1964</marcx:subfield><marcx:subfield code="b">fi</marcx:subfield><marcx:subfield code="l">mul</marcx:subfield><marcx:subfield code="v">1</marcx:subfield></marcx:datafield><marcx:datafield ind1="0" ind2="0" tag="009"><marcx:subfield code="a">c</marcx:subfield><marcx:subfield code="g">xx</marcx:subfield></marcx:datafield><marcx:datafield ind1="0" ind2="0" tag="041"><marcx:subfield code="p">fin</marcx:subfield><marcx:subfield code="p">swe</marcx:subfield><marcx:subfield code="p">ger</marcx:subfield><marcx:subfield code="p">eng</marcx:subfield><marcx:subfield code="c">fin</marcx:subfield></marcx:datafield><marcx:datafield ind1="0" ind2="0" tag="096"><marcx:subfield code="z">830520</marcx:subfield></marcx:datafield><marcx:datafield ind1="0" ind2="0" tag="097"><marcx:subfield code="a">S 203 (16)</marcx:subfield></marcx:datafield><marcx:datafield ind1="0" ind2="0" tag="100"><marcx:subfield code="a">Kilpinen</marcx:subfield><marcx:subfield code="h">Yrjö</marcx:subfield></marcx:datafield><marcx:datafield ind1="0" ind2="0" tag="245"><marcx:subfield code="a">Fjeldsange</marcx:subfield><marcx:subfield code="e">tekst af V.E. Törmänen</marcx:subfield><marcx:subfield code="c">opus 52-54</marcx:subfield></marcx:datafield><marcx:datafield ind1="0" ind2="0" tag="260"><marcx:subfield code="a">Helsinki</marcx:subfield><marcx:subfield code="b">Fazer</marcx:subfield><marcx:subfield code="c">c 1927, 1964</marcx:subfield></marcx:datafield><marcx:datafield ind1="0" ind2="0" tag="508"><marcx:subfield code="a">Finsk, svensk, tysk og engelsk tekst</marcx:subfield></marcx:datafield><marcx:datafield ind1="0" ind2="0" tag="509"><marcx:subfield code="a">For sang og klaver</marcx:subfield></marcx:datafield><marcx:datafield ind1="0" ind2="0" tag="538"><marcx:subfield code="b">2152/63</marcx:subfield><marcx:subfield code="c">F. M. 2152-2163</marcx:subfield></marcx:datafield><marcx:datafield ind1="0" ind2="0" tag="599"><marcx:subfield code="e">KDM20050427</marcx:subfield></marcx:datafield><marcx:datafield ind1="0" ind2="0" tag="700"><marcx:subfield code="a">Törmänen</marcx:subfield><marcx:subfield code="h">V. E.</marcx:subfield></marcx:datafield><marcx:datafield ind1="0" ind2="0" tag="795"><marcx:subfield code="å">11</marcx:subfield><marcx:subfield code="a">Fjeldsange, opus 52</marcx:subfield><marcx:subfield code="a">Fjeldsange, opus 53</marcx:subfield><marcx:subfield code="a">Fjeldsange, opus 54</marcx:subfield></marcx:datafield></marcx:record></marcx:collection><adminData><recordStatus>active</recordStatus><creationDate>2016-07-28</creationDate><libraryType>research</libraryType><indexingAlias>danmarcxchange</indexingAlias><accessType>physical</accessType><workType>sheetmusic</workType><collectionIdentifier>830520-katalog</collectionIdentifier><collectionIdentifier>800000-danbib</collectionIdentifier><collectionIdentifier>800000-bibdk</collectionIdentifier></adminData></ting:container>